@article{bump-solutions,
    author = {Carrillo, Jose A. and Chen, Xinfu and Wang, Qi and Wang, Zhian and
              Zhang, Lu},
    title = {Phase Transitions and Bump Solutions of the Keller--Segel Model
             with Volume Exclusion},
    journal = {SIAM Journal on Applied Mathematics},
    volume = {80},
    number = {1},
    pages = {232-261},
    year = {2020},
    doi = {10.1137/19M125827X},
    URL = { https://doi.org/10.1137/19M125827X },
    eprint = { https://doi.org/10.1137/19M125827X },
}
